<?xml version="1.0" encoding="UTF-8"?><collection xmlns="http://www.loc.gov/MARC21/slim"><record><leader>00388nam--2200145-i-4500</leader><controlfield tag="001">000000109</controlfield><controlfield tag="002">20161230</controlfield><controlfield tag="005">20161230201023</controlfield><controlfield tag="008">060222s1000------------r-----000-0-eng-d</controlfield><datafield ind1=" " ind2=" " tag="080"><subfield code="a">539.12.17</subfield></datafield><datafield ind1=" " ind2=" " tag="245"><subfield code="a">Fundamental interaction in physics</subfield></datafield><datafield ind1=" " ind2=" " tag="260"><subfield code="a">New York, Plenum Press. Ix + 399 P</subfield></datafield><datafield ind1=" " ind2=" " tag="490"><subfield code="a">Studies In The Natural Sciences</subfield></datafield><datafield ind1=" " ind2=" " tag="700"><subfield code="a">Kursunoglu, Behram /S.A.</subfield></datafield><datafield ind1=" " ind2=" " tag="852"><subfield code="a">46547</subfield></datafield></record></collection>